<?xml version="1.0" encoding="UTF-8"?><collection xmlns="http://www.loc.gov/MARC21/slim"><record><leader>00540nam--2200193-u-4500</leader><controlfield tag="001">000053910</controlfield><controlfield tag="002">20161230</controlfield><controlfield tag="005">20161230201051</controlfield><controlfield tag="008">110705s1000------------r-----000-0-rus-d</controlfield><datafield ind1=" " ind2=" " tag="040"><subfield code="a">IFIN-HH</subfield></datafield><datafield ind1=" " ind2=" " tag="041"><subfield code="a">rus</subfield></datafield><datafield ind1=" " ind2=" " tag="080"><subfield code="a">538.956:537.226</subfield></datafield><datafield ind1="1" ind2=" " tag="100"><subfield code="a">Vorobiev, A.A</subfield></datafield><datafield ind1="1" ind2="0" tag="245"><subfield code="a">Elektriceskaia procinosti tverdikh dielektrikov</subfield><subfield code="c">A.a. vorobiev; e.k. zavadovskaia</subfield></datafield><datafield ind1=" " ind2=" " tag="260"><subfield code="a">Moskva</subfield><subfield code="b">Tekhniko-teoreticeskoi Literaturi</subfield><subfield code="c">1956</subfield></datafield><datafield ind1=" " ind2=" " tag="300"><subfield code="a">312P</subfield></datafield><datafield ind1="1" ind2=" " tag="700"><subfield code="a">Zavadovskaia, E.K</subfield></datafield><datafield ind1=" " ind2=" " tag="852"><subfield code="a">4412</subfield><subfield code="c">537.226</subfield></datafield><datafield ind1=" " ind2=" " tag="CAT"><subfield code="a">Sys</subfield><subfield code="c">20110705</subfield><subfield code="h">121406</subfield></datafield></record></collection>